<record><leader>00000cai a2200000 i 4500</leader><controlfield tag="001">285492609</controlfield><controlfield tag="006">m     o  d        </controlfield><controlfield tag="007">cr unu---unnun</controlfield><controlfield tag="008">081210c20uu9999mduuu neo     0    2eng c</controlfield><datafield ind1=" " ind2=" " tag="010"><subfield code="a">  2015254027</subfield></datafield><datafield ind1=" " ind2=" " tag="040"><subfield code="a">ZCU</subfield><subfield code="b">eng</subfield><subfield code="e">rda</subfield><subfield code="c">ZCU</subfield><subfield code="d">UMC</subfield><subfield code="d">OCLCQ</subfield><subfield code="d">OCLCA</subfield><subfield code="d">NOC</subfield><subfield code="d">LGG</subfield><subfield code="d">OCLCO</subfield><subfield code="d">CUS</subfield><subfield code="d">OCLCO</subfield></datafield><datafield ind1=" " ind2=" " tag="019"><subfield code="a">780956207</subfield></datafield><datafield ind1=" " ind2=" " tag="042"><subfield code="a">pcc</subfield></datafield><datafield ind1=" " ind2=" " tag="043"><subfield code="a">n-us-md</subfield></datafield><datafield ind1="1" ind2="4" tag="050"><subfield code="a">E185.5</subfield></datafield><datafield ind1="0" ind2="0" tag="245"><subfield code="a">ProQuest historical newspapers.</subfield><subfield code="p">The Baltimore Afro-American.</subfield></datafield><datafield ind1="1" ind2=" " tag="246"><subfield code="a">Baltimore Afro-American</subfield></datafield><datafield ind1="1" ind2=" " tag="246"><subfield code="a">Baltimore Afro-American (1893-1988)</subfield><subfield code="f">&lt;December 15, 2008&gt;</subfield></datafield><datafield ind1="1" ind2=" " tag="246"><subfield code="a">Afro-American (1893-1988)</subfield><subfield code="f">&lt;December 15, 2008&gt;</subfield></datafield><datafield ind1="1" ind2=" " tag="246"><subfield code="a">Historical Afro-American</subfield></datafield><datafield ind1="1" ind2=" " tag="246"><subfield code="i">Title from database list:</subfield><subfield code="a">News, historical Baltimore Afro-American</subfield><subfield code="f">&lt;December 15, 2008&gt;</subfield></datafield><datafield ind1="1" ind2="0" tag="247"><subfield code="a">ProQuest historical newspapers.</subfield><subfield code="p">Baltimore Afro-American (1893-1988)</subfield><subfield code="f">&lt;December 15, 2008&gt;</subfield></datafield><datafield ind1=" " ind2="1" tag="264"><subfield code="a">[Ann Arbor, Mich.] :</subfield><subfield code="b">ProQuest LLC</subfield></datafield><datafield ind1=" " ind2=" " tag="300"><subfield code="a">1 online resource</subfield></datafield><datafield ind1=" " ind2=" " tag="336"><subfield code="a">text</subfield><subfield code="b">txt</subfield><subfield code="2">rdacontent</subfield></datafield><datafield ind1=" " ind2=" " tag="337"><subfield code="a">computer</subfield><subfield code="b">c</subfield><subfield code="2">rdamedia</subfield></datafield><datafield ind1=" " ind2=" " tag="338"><subfield code="a">online resource</subfield><subfield code="b">cr</subfield><subfield code="2">rdacarrier</subfield></datafield><datafield ind1=" " ind2=" " tag="500"><subfield code="a">"Founded by former slave John Henry Murphy Sr. when he merged three church publications, The Baltimore Afro-American became one of the most widely circulated African-American newspapers on the Atlantic Coast. In addition to featuring the first black female reporter (Murphy's daughter) and female sportswriters, the paper's contributors have included writer Langston Hughes, intellectual J. Saunders Redding, artist Romare Bearden, and sports editor Sam Lacy, whose column influenced the desegregation of professional sports. Through the decades, the newspaper fought for equal employment rights, urged African-American participation in politics, and advocated state-funded higher education for blacks. In the 1930s, The Baltimore Afro-American launched "The Clean Block" campaign, which is still in existence today, to clean up inner-city neighborhoods and fight crime. It stationed correspondents in Europe and the Pacific during World War II, providing first-hand reports to readers. In the 1950s, working with the National Association for the Advancement of Colored People, the newspaper's efforts contributed to the outlawing of public school segregation."--Brochure.</subfield></datafield><datafield ind1=" " ind2=" " tag="506"><subfield code="a">Access limited to subscribers.</subfield></datafield><datafield ind1=" " ind2=" " tag="520"><subfield code="a">A searchable database of full-text and full-image newspaper articles published in: the Afro-American (Baltimore, Md. : 1892), the Afro-American Ledger (Baltimore, Md.), and the Afro-American (Baltimore, Md. : 1915).</subfield></datafield><datafield ind1=" " ind2=" " tag="588"><subfield code="a">Description based on contents viewed on June 29, 2015.</subfield></datafield><datafield ind1=" " ind2="0" tag="650"><subfield code="a">African Americans</subfield><subfield code="v">Newspapers</subfield><subfield code="v">Databases.</subfield></datafield><datafield ind1=" " ind2="0" tag="651"><subfield code="a">Baltimore (Md.)</subfield><subfield code="v">Newspapers</subfield><subfield code="v">Databases.</subfield></datafield><datafield ind1=" " ind2="0" tag="650"><subfield code="a">African American newspapers</subfield><subfield code="z">Maryland</subfield><subfield code="z">Baltimore</subfield><subfield code="v">Databases.</subfield></datafield><datafield ind1=" " ind2="0" tag="650"><subfield code="a">African Americans</subfield><subfield code="x">History</subfield><subfield code="y">19th century</subfield><subfield code="v">Sources</subfield><subfield code="v">Databases.</subfield></datafield><datafield ind1=" " ind2="0" tag="650"><subfield code="a">African Americans</subfield><subfield code="x">History</subfield><subfield code="y">20th century</subfield><subfield code="v">Sources</subfield><subfield code="v">Databases.</subfield></datafield><datafield ind1=" " ind2="4" tag="655"><subfield code="a">Electronic reference sources.</subfield></datafield><datafield ind1=" " ind2="0" tag="655"><subfield code="a">Electronic newspapers.</subfield></datafield><datafield ind1=" " ind2="0" tag="655"><subfield code="a">Electronic reference sources.</subfield></datafield><datafield ind1=" " ind2=" " tag="752"><subfield code="a">United States</subfield><subfield code="b">Maryland</subfield><subfield code="d">Baltimore.</subfield></datafield><datafield ind1="0" ind2="8" tag="773"><subfield code="i">Contained in (work):</subfield><subfield code="t">ProQuest historical newspapers. Black newspapers.</subfield><subfield code="d">[Ann Arbor, Mich.] : ProQuest LLC</subfield><subfield code="w">(DLC)  2015254025</subfield><subfield code="w">(OCoLC)302367200</subfield></datafield><datafield ind1="0" ind2="8" tag="776"><subfield code="i">Print version:</subfield><subfield code="t">Afro-American (Baltimore, Md. : 1892)</subfield><subfield code="w">(DLC)sn 83009626</subfield><subfield code="w">(OCoLC)9235910</subfield></datafield><datafield ind1="0" ind2="8" tag="776"><subfield code="i">Print version:</subfield><subfield code="t">Afro-American ledger</subfield><subfield code="w">(DLC)sn 83045756</subfield><subfield code="w">(OCoLC)9721724</subfield></datafield><datafield ind1="0" ind2="8" tag="776"><subfield code="i">Print version:</subfield><subfield code="t">Afro-American (Baltimore, Md. : 1915)</subfield><subfield code="w">(DLC)sn 83045829</subfield><subfield code="w">(OCoLC)7642696</subfield></datafield><datafield ind1="4" ind2="0" tag="856"><subfield code="u">http://search.proquest.com/hnpbaltimoreafricanamerican</subfield></datafield><datafield ind1="4" ind2="0" tag="856"><subfield code="u">http://proquest.umi.com/login?COPT=REJTPTY5YTYmSU5UPTAmVkVSPTI=&amp;clientId=15403</subfield></datafield></record>